<?xml version="1.0" encoding="UTF-8"?><record xmlns="http://www.loc.gov/MARC21/slim" xmlns:cinclude="http://apache.org/cocoon/include/1.0" xmlns:zs="http://www.loc.gov/zing/srw/">
  <leader>00563cz  a2200145n  4500</leader>
  <controlfield tag="001">no2006068624</controlfield>
  <controlfield tag="003">DLC</controlfield>
  <controlfield tag="005">20120816083054.0</controlfield>
  <controlfield tag="008">060703n| acannaabn          |n ana     c</controlfield>
  <datafield tag="010" ind1=" " ind2=" ">
    <subfield code="a">no2006068624</subfield>
  </datafield>
  <datafield tag="035" ind1=" " ind2=" ">
    <subfield code="a">(OCoLC)oca06985312</subfield>
  </datafield>
  <datafield tag="040" ind1=" " ind2=" ">
    <subfield code="a">WaU</subfield>
    <subfield code="b">eng</subfield>
    <subfield code="c">WaU</subfield>
    <subfield code="d">DLC</subfield>
  </datafield>
  <datafield tag="111" ind1="2" ind2=" ">
    <subfield code="a">Seminar Hasil Penelitian Teknologi Hasil Hutan</subfield>
    <subfield code="d">(2002 :</subfield>
    <subfield code="c">Bogor, Indonesia)</subfield>
  </datafield>
  <datafield tag="667" ind1=" " ind2=" ">
    <subfield code="a">THIS 1XX FIELD CANNOT BE USED UNDER RDA UNTIL THIS RECORD HAS BEEN REVIEWED AND/OR UPDATED</subfield>
  </datafield>
  <datafield tag="670" ind1=" " ind2=" ">
    <subfield code="a">Its Prosiding, 2002:</subfield>
    <subfield code="b">t.p. (Seminar Hasil Penelitian Teknologi Hasil Hutan, Bogor, 19 Desember 2002)</subfield>
  </datafield>
</record>